1960 2771
503 74 506 86 z
743 71 747 76 ·
771 73 792 80 ›·
1003 66 1052 87 ew
1411 64 1457 81 ν’-
1479 72 1486 78 r

505 75 747 173 Marg.
805 73 1048 146 Auffr.
1411 65 1529 158 εἳ

180 187 272 239 'tate
290 173 487 226 conitam‘t
507 195 527 230 ,-
558 179 690 242 quisue
710 192 888 238 ‘unquam
918 173 1067 230 mistam
1092 169 1226 220 latitia
1248 170 1474 236 diciplinam
1498 171 1634 222 tradiss

187 247 249 292 dit
270 243 292 290 ,ἒ
337 244 424 307 quis
443 244 642 304 moderate
661 243 755 289 vitae
766 240 824 300 fic
846 241 968 303 legem
989 238 1243 303 adimpleuit?
1265 239 1419 300 longum
1440 238 1525 299 efflet
1547 255 1634 287 om-

188 309 278 357 nino
300 341 313 363 ,
348 307 531 371 altiorifi1;
553 308 693 370 ingeniq'
713 321 850 354 munus
872 321 1003 354 omnes
1027 307 1221 353 virtutum
1242 306 1321 352 eius
1345 301 1501 366 effeb't'us
1523 321 1638 367 enar-

191 390 281 422 rare
305 405 319 428 ‚
345 389 439 437 quos
453 372 488 432 fi
509 375 594 436 quis
609 369 736 436 prisca
757 370 975 433 eloquentia:
999 369 1138 418 author
1151 371 1354 430 attingeret
1373 401 1388 423 ,
1421 385 1498 416 non
1509 368 1639 431 solum

184 438 370 502 facundia
391 455 466 484 non
487 451 664 491 ornaret,
679 437 748 495 fied
768 437 902 484 viC‘t'us
922 437 1082 495 materie
1102 434 1203 480 mole
1220 432 1508 493 succumberet.
1539 431 1641 498 Qs

187 506 290 552 enim
306 504 378 561 soli
386 503 514 549 lumen
523 500 660 564 afferre
681 501 749 563 nifi
758 501 892 563 fatuus
909 502 1090 565 quispiam
1109 501 1354 562 aggrediatur
1367 499 1390 546 ,ἒ
1412 502 1543 562 Qam
1550 500 1643 565 plu-

189 571 290 615 rimcz
312 570 420 622 ideo,
443 581 525 632 quae
546 569 594 615 de
613 567 711 614 iuius
731 569 872 630 ingenis
880 564 1113 622 sublimitate
1127 566 1325 629 praedicari
1338 563 1476 627 poffint
1497 561 1642 623 consul-

189 632 232 679 τὸ
257 633 483 679 dimittimus
507 665 521 687 ,
545 647 634 679 cum
653 632 764 694 longe
785 635 934 678 maiora
949 630 1028 690 sint
1049 664 1062 685 ‚
1090 645 1207 694 quam
1231 627 1360 684 nostra
1380 643 1513 693 capere
1529 627 1643 694 poffit

190 700 469 745 commendatio
492 731 505 752 ,
519 698 614 755 satis
633 698 900 745 tantummodo
920 696 1103 744 videatur
1124 711 1174 741 ex
1190 693 1384 759 pluribus,
1417 697 1473 742 Θ
1500 709 1641 759 prope-

192 765 352 809 modum
384 761 539 821 infinitis
567 775 694 826 pauca
726 764 924 826 decerpere
947 796 959 809 .
994 770 1060 810 Ex
1092 759 1329 822 Tlteologicis
1363 759 1574 807 virtutibus
1594 776 1642 806 a-

192 827 265 875 deo
285 828 496 875 humillima
518 828 743 876 charitatem
751 826 994 886 sedabatur,
1020 838 1071 873 vt
1098 834 1318 873 Creatorem
1327 825 1440 882 ficum
1448 829 1566 887 pedes
1579 825 1644 871 di-

182 893 417 956 ftipulorum
439 894 632 940 latrantem
645 926 658 947 ‚
679 895 719 939 in
741 894 874 957 quinta
884 889 986 953 fieria
1008 907 1100 952 cene
1121 892 1281 938 Domini
1303 921 1316 943 ,
1340 906 1417 937 non
1440 891 1643 951 dedignata

186 957 243 1018 fit
251 959 417 1010 imitari,
439 974 531 1005 nam
555 959 752 1005 duodecim
768 958 982 1021 puellarum
1005 957 1180 1020 equidem
1199 956 1526 1018 pauper-rimarum
1528 957 1651 1018 pedes

195 1026 399 1086 quotannis
418 1025 514 1070 lauit
533 1057 548 1078 ,
573 1026 628 1070 Θ
650 1021 818 1083 abstersit
839 1055 852 1077 ‚
875 1022 988 1086 εαςᾲς
1014 1024 1164 1068 dotatas
1186 1019 1326 1081 dimzfit
1354 1055 1364 1067 .
1398 1021 1464 1085 pia
1486 1019 1570 1066 loca
1591 1021 1649 1065 ita

197 1086 358 1142 crebro,
381 1106 429 1135 ac
441 1089 510 1135 tali
530 1090 730 1136 deuotione
746 1086 908 1152 pedestri
925 1089 1058 1134 itinere
1071 1085 1253 1144 inuisebat
1272 1119 1286 1139 ,
1315 1097 1361 1131 vt
1382 1087 1486 1131 omni
1507 1084 1648 1148 populo

198 1154 466 1207 admirationi,
491 1156 546 1202 Θ
570 1153 746 1217 exemplo
769 1153 878 1214 effet,
891 1155 931 1200 in
955 1169 1116 1214 egenos,
1151 1154 1207 1199 Θ
1222 1149 1403 1213 religiosos
1425 1150 1647 1206 misericors,

198 1217 431 1266 &liberalis
447 1254 456 1266 .
469 1221 520 1265 ad
517 1217 793 1277 subleuandam
803 1220 903 1266 enim
913 1228 1009 1279 RR.
1034 1218 1332 1280 capuccinorum
1353 1223 1385 1264 F
1387 1226 1533 1262 ratrum
1543 1248 1556 1268 ,
1568 1230 1649 1261 vo-

199 1283 405 1330 luntariam
432 1297 697 1348 extremamq3
715 1286 939 1347 pauperiem
957 1316 971 1338 ‚
995 1286 1051 1329 ita
1062 1282 1142 1343 fuit
1162 1279 1331 1347 quolibet
1348 1297 1448 1328 anno
1463 1280 1652 1337 firllicita,

201 1360 254 1396 νε
278 1365 330 1395 ex
340 1347 565 1412 amplzffima
574 1350 653 1408 suae
677 1348 940 1407 munificentia
960 1349 1179 1409 largitione,
1206 1350 1245 1393 in
1251 1347 1450 1409 prouincia
1471 1377 1486 1398 ,
1508 1346 1548 1391 in
1573 1359 1652 1405 qua

199 1413 427 1460 morabatur
435 1414 608 1461 locorum
620 1416 788 1461 omnium
800 1412 989 1473 fratribus
1002 1413 1151 1473 fingula
1162 1411 1319 1474 singulis
1327 1412 1548 1457 indumenta
1559 1425 1654 1469 con-q

202 1479 378 1524 donanda
394 1478 572 1533 statuerit
593 1514 603 1526 .
636 1481 675 1525 in
699 1481 908 1526 viduarum
931 1511 945 1532 ,
974 1479 1250 1541 pupillorumq5
1271 1476 1509 1539 protefflone
1528 1474 1655 1522 tutrix

201 1546 412 1597 acerrima,
434 1545 473 1589 in
496 1545 746 1591 Placentinos
770 1545 871 1590 ciues
892 1560 988 1607 quos
1002 1547 1151 1605 semper
1172 1558 1223 1589 ex
1255 1543 1382 1588 animo
1402 1541 1535 1587 dilexit
1565 1554 1654 1586 ma-

203 1618 265 1655 ter
288 1605 562 1666 amantiffima,
589 1611 802 1672 Θνςᾳςίη
806 1606 929 1667 finem
946 1608 1080 1654 dilexit
1101 1623 1165 1653 eos
1187 1624 1205 1659 ,·
1233 1608 1340 1653 cuius
1364 1606 1518 1670 quidem
1539 1605 1596 1651 rei
1605 1604 1656 1652 it-

204 1672 272 1718 lud
283 1675 434 1727 extitit,
469 1674 622 1721 euidens
625 1675 801 1735 fignum,
813 1673 937 1737 Juaeq3
960 1672 1168 1719 dilec'iionis
1181 1684 1349 1735 perenne
1366 1673 1528 1734 pignus,
1552 1673 1658 1732 quod

206 1740 350 1785 cineres
360 1738 449 1796 ficos
478 1738 594 1786 vobis
619 1737 876 1793 custodiendos
900 1739 1077 1802 reliquit,
1103 1738 1159 1784 Θ
1177 1736 1317 1801 templo
1337 1736 1450 1790 huic,
1464 1736 1568 1800 quod
1589 1737 1658 1782 νὶ-

206 1819 299 1849 uens
315 1805 590 1866 praecipuorum
611 1816 671 1851 tot
691 1802 959 1863 beneficiorum
978 1803 1099 1865 gloria
1110 1802 1260 1864 semper
1283 1799 1418 1862 effulsit
1444 1833 1459 1855 ‚
1494 1801 1659 1846 moriens

195 1868 255 1925 fiu’
278 1871 443 1931 corporis
463 1870 650 1927 mausoleo
673 1882 829 1916 ornatus
851 1870 1084 1915 incrementa
1103 1866 1289 1931 praebuit.
1323 1875 1403 1915 ,An
1420 1875 1576 1928 poterat
1597 1865 1660 1911 Iu-

201 1935 334 1979 cidiori
350 1935 490 1980 indicio
503 1938 659 1997 antique
684 1949 821 1981 munus
832 1932 1094 1980 beneuolentiae
1107 1949 1197 1994 erga
1207 1948 1277 1978 nos
1287 1930 1434 1987 testari?
1447 1938 1536 1978 ΛΕ
1540 1944 1661 1993 quum

193 1997 544 2061 siquidemjfiterat,
560 2012 622 2054 vt,
641 2002 707 2063 qui
724 2003 763 2046 in
770 2000 940 2063 propriq's
973 1996 1151 2046 cordibus
1176 1999 1344 2044 diuinam
1366 1999 1445 2044 eius
1471 1994 1664 2057 gestarent

200 2064 427 2125 imaginem,
451 2067 508 2112 Θ
534 2078 669 2128 corpus
689 2067 741 2111 ad
763 2061 1002 2122 nouiffimam
1024 2080 1124 2124 νειμ
1149 2060 1285 2109 tubam
1305 2063 1429 2116 tueri,
1459 2060 1664 2108 &eodem

202 2128 374 2174 decorari
396 2163 406 2174 .
440 2138 472 2176 Ο
499 2132 653 2177 vtinam
665 2131 828 2194 peblora
849 2128 974 2184 nostra
999 2132 1025 2192 (
1048 2141 1100 2176 vt
1108 2138 1286 2176 Socrates
1308 2124 1491 2188 afferebat
1511 2124 1536 2185 )
1550 2122 1664 2185 sene-

193 2190 318 2247 strata
332 2194 652 2256 conspicerentur,
666 2211 785 2260 quam
795 2193 981 2256 facillime
1003 2196 1204 2259 quisquam
1229 2205 1298 2256 per
1310 2209 1355 2238 ea
1367 2192 1499 2238 rimari
1513 2188 1662 2252 poffet,

201 2258 242 2302 in
268 2273 343 2320 quo
364 2258 449 2304 Ioco
461 2272 544 2306 tam
567 2261 695 2306 diuina
718 2260 853 2319 residet
875 2261 1001 2322 imago
1016 2293 1029 2314 ‚
1054 2261 1109 2306 Θ
1125 2259 1228 2318 ficut
1249 2258 1395 2320 inclytas
1407 2257 1572 2303 virtutes
1583 2255 1661 2300 im·-

203 2322 405 2369 mortalem
437 2325 477 2370 in
502 2324 636 2371 coelum
652 2327 920 2388 perduxerunt
942 2358 955 2379 ,
981 2324 1039 2384 fic
1062 2323 1087 2370 ἃ
1108 2321 1328 2386 pec‘ioribus
1358 2318 1489 2375 nostris
1509 2351 1523 2372 ,
1556 2319 1661 2364 nulla

204 2398 420 2450 temporum
441 2388 635 2443 ¹vetustas,
661 2390 763 2437 nulla
793 2402 909 2443 atas,
932 2392 1035 2436 nulla
1048 2388 1211 2442 obliuio,
1234 2388 1455 2434 earumdem
1467 2385 1661 2431 virtutum

199 2454 429 2503 memoriam
465 2452 678 2505 delebtmt:
711 2470 878 2520 quarum
910 2454 1045 2506 babitu
1078 2456 1170 2501 dum
1199 2451 1391 2512 nobiscum
1413 2450 1515 2560 ἀεῆῖῑ
1535 2481 1550 2504 2
1584 2446 1667 2515 tal?

493 2560 496 2563 .
564 2554 570 2562 ,
1084 2528 1124 2571 D
1220 2531 1248 2564 2
1379 2529 1465 2567 cmo
1479 2528 1527 2560 u·

1217 2574 1250 2583 „⁴
